%% This BibTeX bibliography file was created using BibDesk.
%% http://bibdesk.sourceforge.net/

%% Created for 杨雨凡 at 2019-05-10 22:20:41 -0500 


%% Saved with string encoding Unicode (UTF-8) 



@article{Kalyvas2007,
	Author = {Kalyvas, Stathis N. and Matthew Adam Kocher},
	Date-Added = {2019-05-10 21:24:04 -0500},
	Date-Modified = {2019-05-10 22:06:57 -0500},
	Journal = {World politics},
	Number = {2},
	Pages = {177--216},
	Title = {How ``Free'' is Free Riding in civil wars?: Violence, insurgency, and the collective action problem},
	Volume = {59},
	Year = {2007}}

@article{Muller1990,
	Author = {Muller, Edward N. and Erich Weede},
	Date-Added = {2019-05-10 21:19:34 -0500},
	Date-Modified = {2019-05-10 22:07:20 -0500},
	Journal = {Journal of conflict resolution},
	Number = {4},
	Pages = {624--651},
	Title = {ross-national variation in political violence: A rational action approach},
	Volume = {34},
	Year = {1990}}

@article{Moore1998,
	Author = {Moore, Will H.},
	Date-Added = {2019-05-10 21:19:00 -0500},
	Date-Modified = {2019-05-10 22:03:35 -0500},
	Journal = {American Journal of Political Science},
	Pages = {851--873},
	Title = {Repression and dissent: Substitution, context, and timing},
	Volume = {42},
	Year = {1998}}

@article{MasonandKrane1989,
	Author = {Mason, T. David and Dale A. Krane},
	Date-Added = {2019-05-10 21:18:24 -0500},
	Date-Modified = {2019-05-10 22:07:39 -0500},
	Journal = {International Studies Quarterly},
	Number = {2},
	Pages = {175--198},
	Title = {The political economy of death squads: Toward a theory of the impact of state-sanctioned terror},
	Volume = {33},
	Year = {1989}}

@article{Lyall2009,
	Author = {Lyall, Jason},
	Date-Added = {2019-05-10 21:17:51 -0500},
	Date-Modified = {2019-05-10 22:03:02 -0500},
	Journal = {Journal of Conflict Resolution},
	Number = {3},
	Pages = {331--362},
	Title = {Does indiscriminate violence incite insurgent attacks? Evidence from Chechnya},
	Volume = {53},
	Year = {2009}}

@article{LuandShi2015,
	Author = {Lu, Jie and Tianjian Shi},
	Date-Added = {2019-05-10 21:17:01 -0500},
	Date-Modified = {2019-05-10 22:07:29 -0500},
	Journal = {International Political Science Review},
	Number = {1},
	Pages = {20--41},
	Title = {The battle of ideas and discourses before democratic transition: Different democratic conceptions in authoritarian China.},
	Volume = {36},
	Year = {2015}}

@article{Lichbach1987,
	Author = {Lichbach, Mark Irving},
	Date-Added = {2019-05-10 21:14:37 -0500},
	Date-Modified = {2019-05-10 22:02:57 -0500},
	Journal = {Journal of Conflict Resolution},
	Number = {2},
	Pages = {266--297},
	Title = {Deterrence or escalation? The puzzle of aggregate studies of repression and dissent},
	Volume = {31},
	Year = {1987}}

@article{King2013,
	Author = {King, Gary and Jennifer Pan and Margaret E. Roberts},
	Date-Added = {2019-05-10 21:13:30 -0500},
	Date-Modified = {2019-05-10 22:19:56 -0500},
	Journal = {American Political Science Review},
	Number = {2},
	Pages = {326--343},
	Title = {How censorship in China allows government criticism but silences collective expression},
	Volume = {107},
	Year = {2013}}

@book{Kalyva2006,
	Author = {Kalyvas, Stathis N},
	Date-Added = {2019-05-10 21:12:44 -0500},
	Date-Modified = {2019-05-10 22:04:03 -0500},
	Publisher = {Cambridge University Press},
	Title = {The logic of violence in civil war},
	Year = {2006}}

@article{Hultquist2017,
	Author = {Hultquist, Philip},
	Date-Added = {2019-05-10 21:11:48 -0500},
	Date-Modified = {2019-05-10 22:03:12 -0500},
	Journal = {Conflict management and peace science},
	Number = {5},
	Pages = {507--525},
	Title = {Is collective repression an effective counterinsurgency technique? Unpacking the cyclical relationship between repression and civil conflict},
	Volume = {34},
	Year = {2017}}

@article{Gupta1993,
	Author = {Gupta, Dipak K. Harinder Singh and Tom Sprague},
	Date-Added = {2019-05-10 21:10:44 -0500},
	Date-Modified = {2019-05-10 22:06:24 -0500},
	Journal = {Journal of Conflict Resolution},
	Number = {2},
	Pages = {301--339},
	Title = {Government coercion of dissidents: deterrence or provocation},
	Volume = {37},
	Year = {1993}}

@book{Greene1974,
	Author = {Greene, Thomas H and Joseph LaPalombara},
	Date-Added = {2019-05-10 21:09:37 -0500},
	Date-Modified = {2019-05-10 22:06:08 -0500},
	Publisher = {Englewood Cliffs, NJ: Prentice-Hall},
	Title = {Comparative revolutionary movements},
	Year = {1974}}

@book{Goodwin2001,
	Author = {Goodwin, Jeff},
	Date-Added = {2019-05-10 21:08:37 -0500},
	Date-Modified = {2019-05-10 22:03:22 -0500},
	Publisher = {Cambridge University Press},
	Title = {No other way out: states and revolutionary movements, 1945-1991},
	Year = {2001}}

@article{Francisco1996,
	Author = {Francisco, Ronald A},
	Date-Added = {2019-05-10 21:07:33 -0500},
	Date-Modified = {2019-05-10 22:02:36 -0500},
	Journal = {American Journal of Political Science},
	Pages = {1179--1204},
	Title = {Coercion and protest: An empirical test in two democratic states},
	Year = {1996}}

@article{ClarkandRegan2016,
	Author = {Clark, David and Patrick Regan},
	Date-Added = {2019-05-10 21:03:06 -0500},
	Date-Modified = {2019-05-10 22:03:16 -0500},
	Journal = {Cambridge: Harvard Dataverse},
	Title = {Mass Mobilization Protest Data},
	Year = {2016}}

@book{Downes2008,
	Author = {Downes, Alexander B.},
	Date-Added = {2019-05-10 21:02:20 -0500},
	Date-Modified = {2019-05-10 22:03:45 -0500},
	Publisher = {Cornell University Press},
	Title = {Targeting civilians in war},
	Year = {2008}}

@article{Carey2006,
	Author = {Carey, Sabine C.},
	Date-Added = {2019-05-10 21:01:02 -0500},
	Date-Modified = {2019-05-10 22:03:58 -0500},
	Journal = {Political Research Quarterly},
	Number = {1},
	Pages = {1--11},
	Title = {The dynamic relationship between protest and repression},
	Volume = {59},
	Year = {2006}}
